


@Article{Bedard11,
  author = 	 {C. B\'edard and A. Destexhe},
  title = 	 {Generalized theory for current-source-density
  analysis in brain tissue},
  journal = 	 {Phys. Rev. E},
  year = 	 {2011},
  OPTkey = 	 {},
  volume = 	 {84},
  OPTnumber = 	 {},
  pages = 	 {041909},
  OPTmonth = 	 {},
  OPTnote = 	 {},
  OPTannote = 	 {}
}




@Article{Manjarrez07,
  author = 	 {E. Manjarrez and M. V\'azquez and A. Flores},
  title = 	 {Computing the Center of mass for traveling alpha waves in
  the human brain},
  journal = 	 {Brain Research},
  year = 	 {2007},
  OPTkey = 	 {},
  volume = 	 {1145},
  OPTnumber = 	 {},
  pages = 	 {239},
  OPTmonth = 	 {},
  OPTnote = 	 {},
  OPTannote = 	 {}
}

@Article{Obien2015,
  author = 	 {M.E.J. Obien and K. Deligkaris and T. Bullmann and D.J. Bakkum
  and U. Frey},
  title = 	 {Revealing neuronal function through microelectrode array recordings} ,
  journal = 	 {Frontiers in Neuroscience},
  year = 	 {2015},
  OPTkey = 	 {},
  volume = 	 {8},
  OPTnumber = 	 {},
  pages = 	 {423},
  OPTmonth = 	 {},
  OPTnote = 	 {},
  OPTannote = 	 {}
}


@Article{Otsu79,
  author = 	 {N. Otsu},
  title = 	 {A threshold selection method from gray-level histograms},
  journal = 	 {IEEE Trans. Sys., Man.},
  year = 	 {1979},
  OPTkey = 	 {},
  volume = 	 {9},
  OPTnumber = 	 {},
  pages = 	 {62},
  OPTmonth = 	 {},
  OPTnote = 	 {},
  OPTannote = 	 {}
}


@Article{Vaknin88,
  author = 	 {G. Vaknin and P.G. DiScenna and T.J. Teyler},
  title = 	 {A method for calculating current source density
  (CSD) analysis without resorting to recording sites outside the sampling volume },
  journal = 	 {J. Neuros. Meth.},
  year = 	 {1988},
  OPTkey = 	 {},
  volume = 	 {24},
  OPTnumber = 	 {},
  pages = 	 {131},
  OPTmonth = 	 {},
  OPTnote = 	 {},
  OPTannote = 	 {}
}

